<record><leader>00000cas a2200000La 4500</leader><controlfield tag="001">173889927</controlfield><controlfield tag="007">hd afu---buuu</controlfield><controlfield tag="008">911002d18951897njuwr neb     0    0eng d</controlfield><datafield ind1=" " ind2=" " tag="010"><subfield code="a">sn 91064047 </subfield></datafield><datafield ind1=" " ind2=" " tag="040"><subfield code="a">NJW</subfield><subfield code="b">eng</subfield><subfield code="c">NJR</subfield><subfield code="d">OCLCQ</subfield></datafield><datafield ind1=" " ind2=" " tag="043"><subfield code="a">n-us-nj</subfield></datafield><datafield ind1="0" ind2=" " tag="130"><subfield code="a">Recorder and welcome guest {Vineland, N.J.</subfield></datafield><datafield ind1="1" ind2="0" tag="245"><subfield code="a">Recorder and welcome guest</subfield><subfield code="h">[microform].</subfield></datafield><datafield ind1="3" ind2=" " tag="246"><subfield code="a">Recorder &amp; welcome guest</subfield></datafield><datafield ind1=" " ind2=" " tag="260"><subfield code="a">Vineland, N.J. :</subfield><subfield code="b">R.A. Williams</subfield></datafield><datafield ind1=" " ind2=" " tag="300"><subfield code="a">v.</subfield></datafield><datafield ind1=" " ind2=" " tag="310"><subfield code="a">Weekly</subfield></datafield><datafield ind1="1" ind2=" " tag="362"><subfield code="a">Began in 1895; ceased in 1897.</subfield></datafield><datafield ind1=" " ind2=" " tag="500"><subfield code="a">"Williams' Weekly" appears on masthead beginning with Vol. 11, no. 25 (Sept. 11, 1895) and ending with Vol. 11, no. 34 (Nov. 1, 1895).</subfield></datafield><datafield ind1=" " ind2=" " tag="588"><subfield code="a">Description based on: Vol. 9, no. 40 (Jan. 16, 1896).</subfield></datafield><datafield ind1=" " ind2=" " tag="533"><subfield code="a">Microfilm.</subfield><subfield code="b">Trenton, N.J. :</subfield><subfield code="c">New Jersey Newspaper Project,</subfield><subfield code="d">19uu.</subfield><subfield code="e">microfilm reels ; 35 mm.</subfield><subfield code="n">Filmed with: Mason's monthly and the Monthly recorder and the Recorder.</subfield></datafield><datafield ind1=" " ind2="0" tag="651"><subfield code="a">Vineland (N.J.)</subfield><subfield code="v">Newspapers.</subfield></datafield><datafield ind1=" " ind2=" " tag="752"><subfield code="a">United States</subfield><subfield code="b">New Jersey</subfield><subfield code="c">Cumberland</subfield><subfield code="d">Vineland.</subfield></datafield><datafield ind1="0" ind2="4" tag="780"><subfield code="t">Welcome guest</subfield></datafield><datafield ind1="0" ind2="4" tag="780"><subfield code="t">Recorder (Vineland, N.J.)</subfield><subfield code="w">(DLC)sn 91064045</subfield><subfield code="w">(OCoLC)24485916</subfield></datafield></record>